@inproceedings{street1993nuclear,
  title={Nuclear feature extraction for breast tumor diagnosis},
  author={Street, W Nick and Wolberg, William H and Mangasarian, Olvi L},
  booktitle={Biomedical Image Processing and Biomedical Visualization},
  volume={1905},
  pages={861--871},
  year={1993},
  organization={International Society for Optics and Photonics}
}